<record><leader>00000cas a2200000 a 4500</leader><controlfield tag="001">3763702</controlfield><controlfield tag="008">780330d18091825nyuwr ne      0    0eng c</controlfield><datafield ind1=" " ind2=" " tag="010"><subfield code="a">sn 83031109 </subfield></datafield><datafield ind1=" " ind2=" " tag="040"><subfield code="a">ZEM</subfield><subfield code="b">eng</subfield><subfield code="c">ZEM</subfield><subfield code="d">NPU</subfield><subfield code="d">NYG</subfield><subfield code="d">DLC</subfield><subfield code="d">NPX</subfield><subfield code="d">NYG</subfield><subfield code="d">NYS</subfield><subfield code="d">OCL</subfield><subfield code="d">OCLCG</subfield><subfield code="d">KRTAS</subfield><subfield code="d">OCLCF</subfield><subfield code="d">OCLCO</subfield><subfield code="d">IUL</subfield></datafield><datafield ind1=" " ind2=" " tag="042"><subfield code="a">pcc</subfield></datafield><datafield ind1=" " ind2=" " tag="043"><subfield code="a">n-us-ny</subfield></datafield><datafield ind1=" " ind2=" " tag="045"><subfield code="a">x0x2</subfield></datafield><datafield ind1="0" ind2="0" tag="050"><subfield code="a">Newspaper 8829-X</subfield></datafield><datafield ind1="0" ind2=" " tag="130"><subfield code="a">Geneva gazette (Geneva, N.Y. : 1809)</subfield></datafield><datafield ind1="1" ind2="4" tag="245"><subfield code="a">The Geneva gazette.</subfield></datafield><datafield ind1=" " ind2=" " tag="260"><subfield code="a">Geneva, N.Y. :</subfield><subfield code="b">James Bogert,</subfield><subfield code="c">1809-1825.</subfield></datafield><datafield ind1=" " ind2=" " tag="300"><subfield code="a">17 v. :</subfield><subfield code="b">ill. ;</subfield><subfield code="c">51-61 cm.</subfield></datafield><datafield ind1=" " ind2=" " tag="310"><subfield code="a">Weekly</subfield></datafield><datafield ind1="0" ind2=" " tag="362"><subfield code="a">Volume I, number 1 (June 21, 1809)-v. 17, no. 15 (Sept. 7, 1825).</subfield></datafield><datafield ind1=" " ind2=" " tag="500"><subfield code="a">Title from masthead.</subfield></datafield><datafield ind1=" " ind2=" " tag="500"><subfield code="a">Publishers: James &amp; William Bogert, 1815-1816; James Bogert, 1816-1825.</subfield></datafield><datafield ind1=" " ind2=" " tag="500"><subfield code="a">References: Shaw &amp; Shoemaker 17607; Brigham, C.S.  Amer. newspapers, p. 573.</subfield></datafield><datafield ind1=" " ind2="0" tag="651"><subfield code="a">Geneva (N.Y.)</subfield><subfield code="v">Newspapers.</subfield></datafield><datafield ind1=" " ind2="0" tag="651"><subfield code="a">Ontario County (N.Y.)</subfield><subfield code="v">Newspapers.</subfield></datafield><datafield ind1=" " ind2="7" tag="651"><subfield code="a">New York (State)</subfield><subfield code="z">Geneva.</subfield><subfield code="2">fast</subfield><subfield code="0">(OCoLC)fst01202948</subfield></datafield><datafield ind1=" " ind2="7" tag="651"><subfield code="a">New York (State)</subfield><subfield code="z">Ontario County.</subfield><subfield code="2">fast</subfield><subfield code="0">(OCoLC)fst01209099</subfield></datafield><datafield ind1=" " ind2="7" tag="655"><subfield code="a">Newspapers.</subfield><subfield code="2">fast</subfield><subfield code="0">(OCoLC)fst01423814</subfield></datafield><datafield ind1="1" ind2=" " tag="700"><subfield code="a">Bogert, James,</subfield><subfield code="d">1786-1862.</subfield></datafield><datafield ind1="1" ind2=" " tag="700"><subfield code="a">Bogert, William.</subfield></datafield><datafield ind1=" " ind2=" " tag="752"><subfield code="a">United States</subfield><subfield code="b">New York</subfield><subfield code="c">Ontario</subfield><subfield code="d">Geneva.</subfield></datafield><datafield ind1="0" ind2="0" tag="780"><subfield code="t">Expositor (Geneva, N.Y.)</subfield><subfield code="w">(DLC)sn 83031115</subfield><subfield code="w">(OCoLC)9788021</subfield></datafield><datafield ind1="0" ind2="0" tag="785"><subfield code="t">Geneva gazette, and general advertiser</subfield><subfield code="w">(DLC)sn 84035849</subfield><subfield code="w">(OCoLC)3766522</subfield></datafield><datafield ind1="4" ind2="1" tag="856"><subfield code="u">http://infoweb.newsbank.com/iw-search/we/HistArchive/?p_product=EANX&amp;p_theme=ahnp&amp;p_nbid=V52U4FXEMTUwNzkyMjM0Ni42OTg4OTM6MToxMzoxMjkuNzkuMzguMTAx&amp;p_action=keyword&amp;p_queryname=8&amp;f_pubBrowse=11B01A585C077015&amp;f_year=1819</subfield></datafield><datafield ind1="4" ind2="1" tag="856"><subfield code="u">https://news.google.com/newspapers?nid=rZ6lE9DvW78C&amp;hl=en</subfield></datafield><datafield ind1=" " ind2=" " tag="938"><subfield code="a">Kirtas Technologies, Inc.</subfield><subfield code="b">KRTS</subfield><subfield code="n">735785</subfield></datafield><datafield ind1="1" ind2=" " tag="029"><subfield code="a">AU@</subfield><subfield code="b">000020127308</subfield></datafield></record>